@misc{pakin2020comprehensive,
  title={The comprehensive LaTeX symbol list},
  author={Pakin, Scott},
  year={2020},
  url={http://tug.ctan.org/info/symbols/comprehensive/symbols-a4.pdf}
}

@book{pmbok2017,
  author    = {{Project Management Institute}},
  title     = {A Guide to the Project Management Body of Knowledge (PMBOK Guide)},
  edition   = {6th},
  publisher = {{Project Management Institute}},
  year      = {2017},
  address   = {Newtown Square, PA},
  isbn      = {978-1628251845}
}

@book{wiegers2002peer,
  author    = {Karl E. Wiegers},
  title     = {Peer Reviews in Software: A Practical Guide},
  publisher = {Addison-Wesley Professional},
  year      = {2002},
  isbn      = {978-0201734850}
}

@book{martin2002solid,
  author    = {Robert C. Martin},
  title     = {Agile Software Development: Principles, Patterns, and Practices},
  publisher = {Pearson},
  year      = {2002},
  isbn      = {978-0135974445}
}

@book{crispin2009agiletesting,
  author    = {Lisa Crispin and Janet Gregory},
  title     = {Agile Testing: A Practical Guide for Testers and Agile Teams},
  publisher = {Addison-Wesley Professional},
  year      = {2009},
  isbn      = {978-0321534460}
}
R


